<record><leader>00000cas a2200000 a 4500</leader><controlfield tag="001">40192797</controlfield><controlfield tag="008">981029d19481967cauwr ne      0    0eng c</controlfield><datafield ind1=" " ind2=" " tag="010"><subfield code="a">sn 98061375 </subfield></datafield><datafield ind1=" " ind2=" " tag="040"><subfield code="a">CNK</subfield><subfield code="b">eng</subfield><subfield code="c">CNK</subfield><subfield code="d">OCLCQ</subfield><subfield code="d">OCLCF</subfield><subfield code="d">OCLCO</subfield></datafield><datafield ind1="1" ind2=" " tag="029"><subfield code="a">AU@</subfield><subfield code="b">000023807297</subfield></datafield><datafield ind1=" " ind2=" " tag="042"><subfield code="a">pcc</subfield></datafield><datafield ind1=" " ind2=" " tag="043"><subfield code="a">n-us-ca</subfield></datafield><datafield ind1="0" ind2="0" tag="245"><subfield code="a">Rolling Hills herald.</subfield></datafield><datafield ind1="1" ind2="3" tag="246"><subfield code="a">Palos Verdes news</subfield><subfield code="f">Aug. 20, 1948</subfield></datafield><datafield ind1=" " ind2=" " tag="260"><subfield code="a">Palos Verdes Estates, Calif. :</subfield><subfield code="b">John J. Knezevich</subfield></datafield><datafield ind1=" " ind2=" " tag="300"><subfield code="a">v.</subfield></datafield><datafield ind1=" " ind2=" " tag="310"><subfield code="a">Weekly</subfield></datafield><datafield ind1="0" ind2=" " tag="362"><subfield code="a">Vol. 1, no. 1 (July 16, 1948)-</subfield></datafield><datafield ind1="1" ind2=" " tag="362"><subfield code="a">Ceased in 1967.</subfield></datafield><datafield ind1=" " ind2=" " tag="515"><subfield code="a">Numbering is irregular.</subfield></datafield><datafield ind1=" " ind2="0" tag="651"><subfield code="a">Rolling Hills (Calif.)</subfield><subfield code="v">Newspapers.</subfield></datafield><datafield ind1=" " ind2="0" tag="651"><subfield code="a">Rolling Hills Estates (Calif.)</subfield><subfield code="v">Newspapers.</subfield></datafield><datafield ind1=" " ind2="7" tag="655"><subfield code="a">Newspapers.</subfield><subfield code="2">fast</subfield><subfield code="0">(OCoLC)fst01423814</subfield></datafield><datafield ind1=" " ind2="7" tag="651"><subfield code="a">California</subfield><subfield code="z">Rolling Hills.</subfield><subfield code="2">fast</subfield><subfield code="0">(OCoLC)fst01264133</subfield></datafield><datafield ind1=" " ind2="7" tag="651"><subfield code="a">California</subfield><subfield code="z">Rolling Hills Estates.</subfield><subfield code="2">fast</subfield><subfield code="0">(OCoLC)fst01267057</subfield></datafield><datafield ind1=" " ind2=" " tag="752"><subfield code="a">United States</subfield><subfield code="b">California</subfield><subfield code="c">Los Angeles</subfield><subfield code="d">Palos Verdes Estates.</subfield></datafield><datafield ind1="0" ind2=" " tag="775"><subfield code="t">Hollywood Riviera tribune</subfield><subfield code="w">(DLC)sn 98061376</subfield></datafield><datafield ind1="0" ind2="7" tag="780"><subfield code="t">Palos Verdes news</subfield><subfield code="w">(DLC)sn 95061218</subfield></datafield></record>